% This file was created with Citavi 6.17.0.0

@misc{StatistischesBundesamt.2022,
 author = {{Statistisches Bundesamt}},
 year = {2022},
 title = {Lebensmittelabf{\"a}lle in Deutschland: Lebensmittelabf{\"a}lle in Deutschland im Berichtsjahr 2020 (vorl{\"a}ufiges Ergebnis)},
 url = {https://www.destatis.de/DE/Themen/Gesellschaft-Umwelt/Umwelt/Abfallwirtschaft/Tabellen/lebensmittelabfaelle.html},
 urldate = {04.01.2024}
}


@book{Schmidt.2019,
 abstract = {Nach FAO-Angaben werden weltweit etwa ein Drittel aller produzierten Lebensmittel weggeworfen. Die Reduzierung dieser Lebensmittelverschwendung auf Einzelhandels- und Verbraucherebene um 50 {\%} bis 2030 ist eine gesamtgesellschaftliche Herausforderung, der sich auch die Bundesregierung stellt und u. a. eine Nationale Strategie zur Reduzierung der Lebensmittelverschwendung beschloss sowie einen entsprechenden Indikator f{\"u}r die Deutsche Nachhaltigkeitsstrategie pr{\"u}ft. Der hier vorliegende Entwurf einer Baseline stellt eine Entscheidungsgrundlage f{\"u}r die Berechnung und Berichterstattung der Lebensmittelabf{\"a}lle 2015 in Deutschland dar. Daten und Methoden sowie die daraus resultierenden Ergebnisse inklusive Qualit{\"a}tsreport sind auch konform mit dem entsprechenden und ebenfalls im Entwurf vorliegenden Delegierten Beschluss der EU f{\"u}r die zuk{\"u}nftige Berichterstattung. Die Baseline-Berechnung erfolgt grunds{\"a}tzlich auf der Datenbasis von 2015, wobei entweder die Erhebungen genau aus diesem Jahr stammen, oder von den zeitlich am n{\"a}chsten liegenden Erhebungen anderer Jahre {\"u}bertragen werden. Dies gilt besonders auch f{\"u}r die angewandten Koeffizienten, die sich meist aus Abfallanalysen und Befragungen oder Buchungsdaten und sonstigen Erhebungen herleiten. Die Gesamtabfallmenge 2015 f{\"u}r Lebensmittelabf{\"a}lle in Deutschland betr{\"a}gt fast 11,9 Millionen Tonnen Frischmasse, wobei die Prim{\"a}rproduktion einen Anteil von 12 {\%} (1,36 Mio. t), die Verarbeitung von 18 {\%} (2,17 Mio. t), der Handel von 4 {\%} (0,49 Mio. t) und die Au{\ss}er-Haus-Verpflegung von 14 {\%} (1,69 Mio. t) ausmacht. Der Gro{\ss}teil der Lebensmittelabf{\"a}lle entsteht mit 52 {\%} (6,14 Mio. t) in privaten Haushalten, dies entspricht etwa 75 kg pro Kopf im Jahr 2015. {\"U}ber alle Sektoren hinweg w{\"a}re nach den vorliegenden Hochrechnungen etwa die H{\"a}lfte der Abf{\"a}lle theoretisch vermeidbar. Die Qualit{\"a}t der Daten und der Datenanalyse wurde erg{\"a}nzend bewertet. Unsicherheiten in der Datenlage bestehen vor allem in den Bereichen Prim{\"a}rproduktion, Verarbeitung und Handel. Insbesondere beeinflusst der Handelssektor die Lebensmittelabf{\"a}lle im vorgelagerten Bereich z. B. durch Qualit{\"a}tsanspr{\"u}che und Retouren sowie im Konsumbereich durch Kaufanreize. Eine koordinierte Zusammenarbeit mit Akteuren aus Prim{\"a}rproduktion, Verarbeitung und Handel sowie Konsum ist notwendig, um zuk{\"u}nftig die Datenlage zu verbessern und Schnittstellen zu optimieren. Die vorliegende Baseline berichtet die Lebensmittelabf{\"a}lle in Tonnen Frischmasse, ohne deren Wertigkeit und die Trends zu ber{\"u}cksichtigen. F{\"u}r eine Nachhaltigkeitsbewertung reicht dies nicht aus. Zuk{\"u}nftig m{\"u}ssten daf{\"u}r {\"o}kologische, {\"o}konomische und soziale Ableitungen aus der Baseline folgen, die dann auch z. B. den Klimaschutzplan 2050 unterst{\"u}tzen k{\"o}nnten. Signifikante Ver{\"a}nderungen im Zeitablauf geben dar{\"u}ber hinaus Aufschluss {\"u}ber positive oder auch negative Trends und sind somit ein Gradmesser f{\"u}r allgemeine Entwicklungen in Kombination mit Ma{\ss}nahmen zur Reduzierung der Lebensmittelverschwendung.



According to FAO data, about one-third of all food produced worldwide is discarded. Reducing this food waste by 50 {\%} at the retail and consumer levels until the year 2030 is a societal challenge currently faced by the German government as well. The German National Strategy for Food Waste Reduction and German's Strategy for Sustainable Development address this topic. The draft of a baseline presented here provides a basis for decision-making for the calculation and reporting of food waste 2015 in Germany. Data and methods as well as the results, including the quality report, are also compliant with the relevant EU Delegated Decision for future reporting. The baseline calculation is based on data from 2015, whereby surveys either originate from this year, or are transferred from the most recent surveys of other years. This applies in particular to the applied coefficients derived from waste analyses, surveys and accounting data, or other records. The total amount of food waste produced in 2015 in Germany amounts to almost 11.9 million tons of fresh mass, with primary production accounting for 12 {\%} (1.36 million tons); processing 18 {\%} (2.17 million tons); trade 4 {\%} (0.49 million tons) and out-of-home catering for 14 {\%} (1.69 million tons). The bulk of food waste is generated in private households at 52 {\%} (6.14 million tons), which is equivalent to about 75 kg per capita in 2015. Across all sectors, about half of the waste could theoretically be avoidable. Both the quality of the data and the data analysis are assessed. Uncertainties in the data situation exist above all in the areas of primary production, processing and trading. In particular, the retail sector influences food waste in the upstream sector due to quality claims and returns as well as in the consumer sector due to purchase incentives. Coordinated cooperation with actors from primary production, processing and trading as well as consumption is necessary in order to improve the data situation and optimize interfaces in the future. The present baseline reports the food waste in tons of fresh mass without considering its value and the trends. This is not enough for a sustainability assessment. In the future, ecological, economic and social inferences from the baseline would have to follow. For example, they could support the Climate Action Plan 2050. Significant changes over time also shed light on positive or negative trends, and thus provide a gauge of overall trends in combination with measures to reduce food waste.},
 author = {Schmidt, Thomas G. and Schneider, Felicitas and Leverenz, Dominik and Hafner, Gerold},
 year = {2019},
 title = {Lebensmittelabf{\"a}lle in Deutschland - Baseline 2015},
 url = {http://d-nb.info/1195065183/},
 address = {Braunschweig},
 urldate = {04.01.2024},
 volume = {71},
 publisher = {Johann-Heinrich-von-Th{\"u}nen-Institut},
 isbn = {978-3-86576-198-9},
 series = {Th{\"u}nen-Report},
 doi = {204462}
}


