% This file was created with Citavi 6.17.0.0

@misc{world_nuclear_report_2022,
    author = {Mycle Schneider},
    title = {The World Nuclear Industry Status Report 2022},
    note = {Zugriff: 2023-11-20},
    url = {https://www.worldnuclearreport.org/IMG/pdf/wnisr2022-v3-hr.pdf}
}


@misc{world_nuclear_performance_report_2023,
    author = {World Nuclear Association},
    title = {World Nuclear Performance Report 2023},
    note = {Zugriff: 2023-11-20},
    url = {https://www.world-nuclear.org/getmedia/0156a8d7-01c6-42d9-97be-3f04f34cb8fa/performance-report-2023-final.pdf.aspx}
}


@misc{denisa_ionut_nicu,
    author = {{Toma Denisa} and {Nițu Alexandru Ionuț} and {Bizon Nicu}},
    title = {Generation IV Nuclear Energy Systems – Alternative Solutions to Carbon Emission Energy Sources},
    note = {14th International Conference on Electronics, Computers and Artificial Intelligence (ECAI), Ploiesti, Romania},
    year = {2022},
    doi = {10.1109/ECAI54874.2022.9847457}
}
